<record><leader>00000cas a22000007a 4500</leader><controlfield tag="001">29020689</controlfield><controlfield tag="008">931015d188818uunmuwr ne      0    0eng d</controlfield><controlfield tag="009">15302</controlfield><datafield ind1=" " ind2=" " tag="010"><subfield code="a">sn 93061735 </subfield></datafield><datafield ind1=" " ind2=" " tag="040"><subfield code="a">NVM</subfield><subfield code="b">eng</subfield><subfield code="c">NVM</subfield><subfield code="d">OCLCQ</subfield></datafield><datafield ind1="1" ind2=" " tag="029"><subfield code="a">AU@</subfield><subfield code="b">000025871740</subfield></datafield><datafield ind1=" " ind2=" " tag="042"><subfield code="a">msc</subfield></datafield><datafield ind1=" " ind2=" " tag="043"><subfield code="a">n-us-nm</subfield></datafield><datafield ind1="0" ind2="4" tag="245"><subfield code="a">The Santa Fe herald.</subfield></datafield><datafield ind1=" " ind2=" " tag="260"><subfield code="a">Santa Fe, N.M. :</subfield><subfield code="b">Herald Pub. Co.</subfield></datafield><datafield ind1=" " ind2=" " tag="300"><subfield code="a">v.</subfield></datafield><datafield ind1=" " ind2=" " tag="310"><subfield code="a">Weekly</subfield></datafield><datafield ind1="0" ind2=" " tag="362"><subfield code="a">Vol. 1, no. 1 (Jan. 21, 1888)-</subfield></datafield><datafield ind1=" " ind2=" " tag="530"><subfield code="a">Also on microfilm: Salt Lake City, Utah : Genealogical Society of Utah.</subfield></datafield><datafield ind1=" " ind2=" " tag="580"><subfield code="a">Daily eds.: Santa Fe daily herald, July 25, 1888, and: Daily herald (Santa Fe, N.M.), July 26-&lt;Nov. 28, 1888&gt;.</subfield></datafield><datafield ind1=" " ind2="4" tag="651"><subfield code="a">Santa Fe (N.M.)</subfield><subfield code="v">Newspapers.</subfield></datafield><datafield ind1=" " ind2="4" tag="651"><subfield code="a">Santa Fe County (N.M.)</subfield><subfield code="v">Newspapers.</subfield></datafield><datafield ind1=" " ind2=" " tag="752"><subfield code="a">United States</subfield><subfield code="b">New Mexico</subfield><subfield code="c">Santa Fe</subfield><subfield code="d">Santa Fe.</subfield></datafield><datafield ind1="0" ind2=" " tag="775"><subfield code="t">Santa Fe daily herald</subfield><subfield code="w">(DLC)sn 93061736</subfield></datafield><datafield ind1="0" ind2=" " tag="775"><subfield code="t">Daily herald (Santa Fe, N.M.)</subfield><subfield code="w">(DLC)sn 86063832</subfield></datafield></record>